@article{catmull1978recursively,
  title={Recursively generated B-spline surfaces on arbitrary topological meshes},
  author={Catmull, Edwin and Clark, James},
  journal={Computer-aided design},
  volume={10},
  number={6},
  pages={350--355},
  year={1978},
  publisher={Elsevier}
}